@misc{yellow,
  author       = {Gavin Wood},
  title        = {Ethereum: A Secure Decentralised Generalised Transaction Ledger Paris Version 71beac3},
  howpublished = {\url{https://ethereum.github.io/yellowpaper/paper.pdf}},
  year         = {2024}
}
@misc{danksharding,
  author       = {Vitalik Buterin, Dankrad Feist},
  title        = {DankSharding - EIP4844},
  howpublished = {\url{https://eips.ethereum.org/EIPS/eip-4844}},
  year         = {2022}
}
@misc{eip4337,
  author       = {Vitalik Buterin},
  title        = {ERC-4337: Account Abstraction Using Alt Mempool},
  howpublished = {\url{https://eips.ethereum.org/EIPS/eip-4337}},
  year         = {2021}
}
@misc{tECDSA,
    author = {Jens Groth, Victor Shoup},
    title  = {On the security of ECDSA with additive key derivation and presignatures},
      howpublished ={\url{https://eprint.iacr.org/2021/1330.pdf}},
       year = {2022}
}
@misc{tECDSAprimer,
    author = {Dfinity},
    title  = {Threshold ECDSA Primer},
      howpublished ={\url{https://internetcomputer.org/docs/current/references/t-ecdsa-how-it-works}},
       year = {2023}
}
@misc{icpgeeks,
    author = {Dfinity},
    title  = {The Internet Computer for Geeks},
      howpublished ={\url{https://internetcomputer.org/whitepaper.pdf}},
       year = {2022}
}
@misc{uma,
    author = {Uma Roy},
    title  = {Are Intents, SUAVE, Account Abstraction, & Cross-Chain Bridging all the same thing? },
      howpublished ={\url{https://www.youtube.com/watch?v=G0nFyq9DDPw}},
       year = {2023}
}
@misc{zk,
    author = {Ethereum Foundation},
    title  = {Scaling ZK Rollups},
      howpublished ={\url{https://ethereum.org/en/developers/docs/scaling/zk-rollups/}}
}
@misc{erc20,
    author = {Fabian Vogelsteller},
    year = {2015},
    title  = {ERC20: Token Standard},
      howpublished ={\url{https://eips.ethereum.org/EIPS/eip-20}}
}
@misc{icrc, 
    author = {Mario Pastorelli},
    year = {2022},
    title = {ICRC1 and ICRC2 Github ReadMe},
    howpublished = {\url{https://github.com/dfinity/ICRC-1/tree/main/standards}}
}

