@misc{yellow,
  author       = {Gavin Wood},
  title        = {Ethereum: A Secure Decentralised Generalised Transaction Ledger Paris Version 71beac3},
  howpublished = {\url{https://ethereum.github.io/yellowpaper/paper.pdf}},
  year         = {2024}
}
@inproceedings{castro1999,
  title = {Practical Byzantine Fault Tolerance},
  author = {Castro, M. and Liskov, B.},
  booktitle = {Proceedings of the Third USENIX Symposium on Operating Systems Design and Implementation (OSDI)},
  pages = {173--186},
  year = {1999},
  editor = {Seltzer, M. I. and Leach, P. J.},
  address = {New Orleans, Louisiana, USA},
  month = feb,
  publisher = {USENIX Association}
}

@article{BKM18,
  title = {The latest gossip on BFT consensus},
  author = {Buchman, E. and Kwon, J. and Milosevic, Z.},
  year = {2018},
  journal = {arXiv:1807.04938},
  url = {http://arxiv.org/abs/1807.04938}
}


@inproceedings{honeybadger2016,
    title = {The Honey Badger of BFT Protocols},
    author = {Miller, A. and Xia, Y. and Croman, K. and Shi, E. and Song, D.},
    booktitle = {Proceedings of the 2016 ACM SIGSAC Conference on Computer and Communications Security},
    pages = {31--42},
    year = {2016},
    editor = {Weippl, E. R. and Katzenbeisser, S. and Kruegel, C. and Myers, A. C. and Halevi, S.},
    address = {Vienna, Austria},
    month = oct,
    publisher = {ACM}
}
@misc{danksharding,
  author       = {Vitalik Buterin, Dankrad Feist},
  title        = {DankSharding - EIP4844},
  howpublished = {\url{https://eips.ethereum.org/EIPS/eip-4844}},
  year         = {2022}
}
@misc{eip4337,
  author       = {Vitalik Buterin},
  title        = {ERC-4337: Account Abstraction Using Alt Mempool},
  howpublished = {\url{https://eips.ethereum.org/EIPS/eip-4337}},
  year         = {2021}
}
@misc{tECDSA,
    author = {Jens Groth, Victor Shoup},
    title  = {On the security of ECDSA with additive key derivation and presignatures},
      howpublished ={\url{https://eprint.iacr.org/2021/1330.pdf}},
       year = {2022}
}
@misc{tECDSAprimer,
    author = {Dfinity},
    title  = {Threshold ECDSA Primer},
      howpublished ={\url{https://internetcomputer.org/docs/current/references/t-ecdsa-how-it-works}},
       year = {2023}
}
@misc{icpgeeks,
    author = {Dfinity},
    title  = {The Internet Computer for Geeks},
      howpublished ={\url{https://internetcomputer.org/whitepaper.pdf}},
       year = {2022}
}
@misc{uma,
    author = {Uma Roy},
    title  = {Are Intents, SUAVE, Account Abstraction, & Cross-Chain Bridging all the same thing? },
      howpublished ={\url{https://www.youtube.com/watch?v=G0nFyq9DDPw}},
       year = {2023}
}
@misc{reth,
    author = {Georgios Konstantopoulos},
    title  = {Introducing Reth},
      howpublished ={\url{https://www.paradigm.xyz/2022/12/reth}},
       year = {2022}
}
@misc{solana,
    author = {Anatoly Yakovenko},
    title  = {Solana: A new architecture for a high
performance blockchain v0.8.13},
      howpublished ={\url{https://solana.com/solana-whitepaper.pdf}}
}
@misc{move,
    author = {Sam Blackshear, Evan Cheng},
    title  = {Move: A Language With Programmable
Resources},
      howpublished ={\url{https://diem-developers-components.netlify.app/papers/diem-move-a-language-with-programmable-resources/2020-05-26.pdf}}
}
@misc{sei,
    author = {Sei Labs},
    title  = {Sei: The Layer 1 for Trading},
      howpublished ={\url{https://github.com/sei-protocol/sei-chain/blob/main/whitepaper/Sei_Whitepaper.pdf}}
}
@misc{sui,
    author = {Mysten labs},
    title  = {The Sui Smart Contracts Platform},
      howpublished ={\url{https://docs.sui.io/paper/sui.pdf}},
}
@misc{zk,
    author = {Ethereum Foundation},
    title  = {Scaling ZK Rollups},
      howpublished ={\url{https://ethereum.org/en/developers/docs/scaling/zk-rollups/}}
}
@misc{erc20,
    author = {Fabian Vogelsteller},
    year = {2015},
    title  = {ERC20: Token Standard},
      howpublished ={\url{https://eips.ethereum.org/EIPS/eip-20}}
}
@misc{icrc, 
    author = {Mario Pastorelli},
    year = {2022},
    title = {ICRC1 and ICRC2 Github ReadMe},
    howpublished = {\url{https://github.com/dfinity/ICRC-1/tree/main/standards}}
}

